@inproceedings{Siek:2015ab,
	Author = {Jeremy G. Siek and Peter Thiemann and Philip Wadler},
	Booktitle = {Conference on Programming Language Design and Implementation},
	Month = {June},
	Series = {PLDI},
	Title = {Blame and coercion: Together again for the first time},
	Year = {2015}}

@inproceedings{Siek:2006bh,
	Author = {Jeremy G. Siek and Walid Taha},
	Booktitle = {Scheme and Functional Programming Workshop},
	Series = {Scheme},
	Month = {September},
	Pages = {81-92},
	Title = {Gradual typing for functional languages},
	Year = 2006}

@inproceedings{Tobin-Hochstadt:2006fk,
	Author = {Sam Tobin-Hochstadt and Matthias Felleisen},
	Booktitle = {Dynamic Languages Symposium},
	Series = {DLS},
	Title = {Interlanguage Migration: From Scripts to Programs},
	Year = {2006}}

@inproceedings{Henglein:1992ys,
	Address = {London, UK},
	Author = {Fritz Henglein},
	Booktitle = {ESOP '92: Proceedings of the 4th European Symposium on Programming},
	Series = {ESOP},
	Isbn = {3-540-55253-7},
	Pages = {233--253},
	Publisher = {Springer-Verlag},
	Title = {Dynamic Typing},
	Year = {1992}}

@inproceedings{Herman:2006uq,
	Author = {David Herman and Aaron Tomb and Cormac Flanagan},
	Booktitle = {Trends in Functional Prog. (TFP)},
	Series = {TFP},
	Month = {April},
	Pages = {XXVIII},
	Title = {Space-Efficient Gradual Typing},
	Year = {2007}}

@inproceedings{Kuhlenschmidt:2019aa,
	Author = {Andre Kuhlenschmidt and Deyaaeldeen Almahallawi and Jeremy G. Siek},
	Booktitle = {Conference on Programming Language Design and Implementation},
	Date-Added = {2019-06-04 19:30:54 +0000},
	Date-Modified = {2019-06-04 19:30:56 +0000},
	Month = {June},
	Publisher = {ACM},
	Series = {PLDI},
	Title = {Toward Efficient Gradual Typing for Structural Types via Coercions},
	Year = 2019}

@inproceedings{Siek:2015aa,
	Author = {Jeremy G. Siek and Michael M. Vitousek and Matteo Cimini and Sam Tobin-Hochstadt and Ronald Garcia},
	Booktitle = {European Symposium on Programming},
	Date-Added = {2014-12-16 15:21:24 +0000},
	Date-Modified = {2014-12-16 15:21:28 +0000},
	Month = {April},
	Series = {ESOP},
	Title = {Monotonic References for Efficient Gradual Typing},
	Year = 2015}

@inproceedings{kuhlenschmidt2018efficient,
  title={An efficient compiler for the gradually typed lambda calculus},
  author={Kuhlenschmidt, Andre and Almahallawi, Deyaaeldeen and Siek, Jeremy G},
  booktitle={Scheme and Functional Programming Workshop},
  Series = {Scheme},
  volume={18},
  year={2018}
}